@MISC{name,
author = "ITWissen",
title = "Titel",
howpublished = "Internet Quelle",
year = "",
note = {Aufgerufen Dez 8, 2012:"},
owner = "pauksch",
}